<?xml version="1.0" encoding="UTF-8"?><collection xmlns="http://www.loc.gov/MARC21/slim"><record><leader>00542nam--2200181-i-4500</leader><controlfield tag="001">000010882</controlfield><controlfield tag="002">20161230</controlfield><controlfield tag="005">20161230201029</controlfield><controlfield tag="008">060222s1000------------r-----000-0-eng-d</controlfield><datafield ind1=" " ind2=" " tag="040"><subfield code="a">IFIN-HH</subfield></datafield><datafield ind1=" " ind2=" " tag="080"><subfield code="a">538.9(038)=002=20=30:801.323.2=20=30</subfield></datafield><datafield ind1="1" ind2=" " tag="100"><subfield code="a">Bindmann, Werner</subfield></datafield><datafield ind1="1" ind2="0" tag="245"><subfield code="a">Festkorperphysik und elektronische technik</subfield><subfield code="b">Englisch-deutsch deutsch-englisch</subfield><subfield code="c">Werner bindmann</subfield></datafield><datafield ind1=" " ind2=" " tag="260"><subfield code="a">Berlin</subfield><subfield code="b">Veb Verlag Technik</subfield><subfield code="c">1971</subfield></datafield><datafield ind1=" " ind2=" " tag="300"><subfield code="a">1103 P</subfield></datafield><datafield ind1=" " ind2=" " tag="490"><subfield code="a">Technik Worterbuch</subfield></datafield><datafield ind1=" " ind2=" " tag="852"><subfield code="a">D.476</subfield><subfield code="c">SLF</subfield></datafield><datafield ind1=" " ind2=" " tag="CAT"><subfield code="a">Sys</subfield><subfield code="c">20130214</subfield><subfield code="h">132807</subfield></datafield></record></collection>